@Book{Forster,
  author  = {Otto Forster},
  editor  = {Springer Spektrum},
  title   = {Analysis 2 Differentialrechnung im $\mathbb{R}^{n}$, gewöhnliche Differentialgleichungen},
  year    = {2017},
  address = {Wiesbaden},
  edition = {11},
  isbn    = {978-3-658-19410-9},
  series  = {Grundkurs Mathematik},
  doi     = {https://doi.org/10.1007/978-3-658-19411-6},
  pages   = {244},
}

@Book{Clason,
  author  = {Christian Clason},
  editor  = {Birkhäuser},
  title   = {Einführung in die Funktionalanalysis},
  year    = {2019},
  address = {Cham},
  isbn    = {978-3-030-24875-8},
  series  = {Mathematik Kompakt},
  doi     = {https://doi.org/10.1007/978-3-030-24876-5},
  pages   = {170},
}

@Book{Werner,
  author  = {Dirk Werner},
  editor  = {Springer Verlag},
  title   = {Funktionalanalysis},
  year    = {2000},
  address = {Berlin Heidelberg New York},
  edition = {3},
  isbn    = {3-540-67645-7},
  url     = {http://www.math.fu-berlin.de/~werner},
}

@Book{Alt,
  author  = {Hans Wilhelm Alt},
  editor  = {Springer Verlag},
  title   = {Lineare Funktionalanalysis},
  year    = {2012},
  address = {Bonn},
  edition = {6},
  isbn    = {978-3-642-22260-3},
  doi     = {10.1007/978-3-642-22261-0},
}

@Misc{StefanBanach,
  url = {https://mathematics.in.ua/uk/news/item/209-the-international-stefan-banach-prize},
}

@Misc{OffeneAbgeschlosseneMengen,
  url = {https://www.math.kit.edu/ianm3/lehre/math2infowirt2011s/media/kapitel3.pdf},
}

@Misc{LeonardoMeme,
  url = {https://www.meme-arsenal.com/memes/c7a50744749a4ee91e20ef6770300068.jpg},
}

@Misc{KompakterRaum,
  url = {http://kulla.me/de/artikel/kompakte_menge_eigenschaften_und_beweise/},
}

@Misc{Hirarchie,
  url = {https://de.wikipedia.org/wiki/Raum_(Mathematik)},
}

@Misc{Einheitsphären,
  url = {https://upload.wikimedia.org/wikipedia/commons/d/d4/Vector-p-Norms_qtl1.svg},
}

@Book{Fischer,
  author  = {Gerd Fischer},
  editor  = {Springer Spektrum},
  title   = {Lineare Algebra, Eine Einführung für Studienanfänger},
  year    = {2014},
  address = {München},
  edition = {18},
  isbn    = {978-3-658-03944-8},
  doi     = {10.1007/978-3-658-03945-5},
}

@Misc{Überdeckung,
  url = {https://media.springernature.com/lw685/springer-static/image/chp:10.1007/978-3-662-59226-7_1/MediaObjects/194622_4_De_1_Fig11_HTML.png},
}

@Standard{tu,
  url = {https://page.math.tu-berlin.de/~ferus/ANA/Ana2.pdf},
}

@Standard{biel,
  url = {https://www.math.uni-bielefeld.de/~aholtman/analysis/konvergenz-cauchy-rational.pdf},
}

@Standard{uni,
  url = {https://pnp.mathematik.uni-stuttgart.de/iadm/Weidl/analysis2/vorlesung-ana2/node120.html},
}

@Comment{jabref-meta: databaseType:bibtex;}
